@online{scb,
  title        = {SCB},
  date         = 2014,
  url          = {http://www.scb.se/},
  subtitle     = {Statistics Sweden},
  urldate      = {2014-12-04},
  label        = {SCB},
  langid       = {english},
  langidopts   = {variant=english},
}

@book{ottossen92,
  author      = {Ottossen, Niels and Petersson, Hans},
  title       = {Introduction to the finite element method},
  publisher   = {Prentice Hall Europe},
  year        = 1992,
}

@book{adams99,
  author      = {Adams, Vince and Askenazi, Abraham},
  title       = {Building Better Products with Finite Element Analysis},
  publisher   = {OnWord Press},
  year        = 1999,
}

@book{goncharov14,
  author      = {Goncharov, Pavel and Artamonov, Igor and Khalitov, Timur},
  title       = {Engineering Analysis with NX Advanced Simulation},
  publisher   = {Lulu Publishing Services},
  year        = 2014,
}

@inproceedings{ribes07,
  author      = {Ribes, André and Caremoli, Christian},
  title       = {Salomé platform component model for numerical simulation},
  booktitle   = {Computer Software and Applications Conference, 2007. COMPSAC 2007. 31st Annual International},
  year        = {2007}, 
  month       = {July},
  volume      = {2}, 
  pages       = {553-564},
} 

